%YAML 1.1
%TAG !u! tag:unity3d.com,2011:
--- !u!1001 &100100000
Prefab:
  m_ObjectHideFlags: 1
  serializedVersion: 2
  m_Modification:
    m_TransformParent: {fileID: 0}
    m_Modifications: []
    m_RemovedComponents: []
  m_ParentPrefab: {fileID: 0}
  m_RootGameObject: {fileID: 1265604013668056}
  m_IsPrefabParent: 1
--- !u!1 &1265604013668056
GameObject:
  m_ObjectHideFlags: 0
  m_PrefabParentObject: {fileID: 0}
  m_PrefabInternal: {fileID: 100100000}
  serializedVersion: 5
  m_Component:
  - component: {fileID: 4256891873555582}
  - component: {fileID: 114947357893422144}
  - component: {fileID: 114695382610255386}
  - component: {fileID: 114416210725348608}
  - component: {fileID: 136407144557360502}
  - component: {fileID: 54427854467043168}
  m_Layer: 9
  m_Name: bot2
  m_TagString: bot0
  m_Icon: {fileID: 0}
  m_NavMeshLayer: 0
  m_StaticEditorFlags: 0
  m_IsActive: 1
--- !u!1 &1404891401352958
GameObject:
  m_ObjectHideFlags: 0
  m_PrefabParentObject: {fileID: 0}
  m_PrefabInternal: {fileID: 100100000}
  serializedVersion: 5
  m_Component:
  - component: {fileID: 4537509081832288}
  - component: {fileID: 33691765450575074}
  - component: {fileID: 23381717028027296}
  m_Layer: 9
  m_Name: Quad
  m_TagString: Untagged
  m_Icon: {fileID: 0}
  m_NavMeshLayer: 0
  m_StaticEditorFlags: 0
  m_IsActive: 1
--- !u!1 &1879565195498528
GameObject:
  m_ObjectHideFlags: 0
  m_PrefabParentObject: {fileID: 0}
  m_PrefabInternal: {fileID: 100100000}
  serializedVersion: 5
  m_Component:
  - component: {fileID: 4610206439073544}
  - component: {fileID: 33262472890948304}
  - component: {fileID: 23135801304785910}
  - component: {fileID: 136319274966355996}
  m_Layer: 9
  m_Name: BotCapsule
  m_TagString: Untagged
  m_Icon: {fileID: 0}
  m_NavMeshLayer: 0
  m_StaticEditorFlags: 0
  m_IsActive: 1
--- !u!4 &4256891873555582
Transform:
  m_ObjectHideFlags: 1
  m_PrefabParentObject: {fileID: 0}
  m_PrefabInternal: {fileID: 100100000}
  m_GameObject: {fileID: 1265604013668056}
  m_LocalRotation: {x: -0, y: -0, z: -0, w: 1}
  m_LocalPosition: {x: -4.496, y: 4.14, z: 0}
  m_LocalScale: {x: 2, y: 2, z: 2}
  m_Children:
  - {fileID: 4610206439073544}
  - {fileID: 4537509081832288}
  m_Father: {fileID: 0}
  m_RootOrder: 0
  m_LocalEulerAnglesHint: {x: 0, y: 0, z: 0}
--- !u!4 &4537509081832288
Transform:
  m_ObjectHideFlags: 1
  m_PrefabParentObject: {fileID: 0}
  m_PrefabInternal: {fileID: 100100000}
  m_GameObject: {fileID: 1404891401352958}
  m_LocalRotation: {x: -0, y: 0.7071068, z: -0.7071068, w: 0}
  m_LocalPosition: {x: 0, y: 0, z: 0}
  m_LocalScale: {x: 3, y: 3, z: 3}
  m_Children: []
  m_Father: {fileID: 4256891873555582}
  m_RootOrder: 1
  m_LocalEulerAnglesHint: {x: 90, y: 180, z: 0}
--- !u!4 &4610206439073544
Transform:
  m_ObjectHideFlags: 1
  m_PrefabParentObject: {fileID: 0}
  m_PrefabInternal: {fileID: 100100000}
  m_GameObject: {fileID: 1879565195498528}
  m_LocalRotation: {x: -0, y: -0, z: -0, w: 1}
  m_LocalPosition: {x: 0, y: 0, z: 0}
  m_LocalScale: {x: 1, y: 1, z: 1}
  m_Children: []
  m_Father: {fileID: 4256891873555582}
  m_RootOrder: 0
  m_LocalEulerAnglesHint: {x: 0, y: 0, z: 0}
--- !u!23 &23135801304785910
MeshRenderer:
  m_ObjectHideFlags: 1
  m_PrefabParentObject: {fileID: 0}
  m_PrefabInternal: {fileID: 100100000}
  m_GameObject: {fileID: 1879565195498528}
  m_Enabled: 1
  m_CastShadows: 1
  m_ReceiveShadows: 1
  m_DynamicOccludee: 1
  m_MotionVectors: 1
  m_LightProbeUsage: 1
  m_ReflectionProbeUsage: 1
  m_RenderingLayerMask: 4294967295
  m_Materials:
  - {fileID: 2100000, guid: 4e01f6e67b81f894daf25620b9717bfd, type: 2}
  m_StaticBatchInfo:
    firstSubMesh: 0
    subMeshCount: 0
  m_StaticBatchRoot: {fileID: 0}
  m_ProbeAnchor: {fileID: 0}
  m_LightProbeVolumeOverride: {fileID: 0}
  m_ScaleInLightmap: 1
  m_PreserveUVs: 0
  m_IgnoreNormalsForChartDetection: 0
  m_ImportantGI: 0
  m_StitchLightmapSeams: 0
  m_SelectedEditorRenderState: 3
  m_MinimumChartSize: 4
  m_AutoUVMaxDistance: 0.5
  m_AutoUVMaxAngle: 89
  m_LightmapParameters: {fileID: 0}
  m_SortingLayerID: 0
  m_SortingLayer: 0
  m_SortingOrder: 0
--- !u!23 &23381717028027296
MeshRenderer:
  m_ObjectHideFlags: 1
  m_PrefabParentObject: {fileID: 0}
  m_PrefabInternal: {fileID: 100100000}
  m_GameObject: {fileID: 1404891401352958}
  m_Enabled: 1
  m_CastShadows: 1
  m_ReceiveShadows: 1
  m_DynamicOccludee: 1
  m_MotionVectors: 1
  m_LightProbeUsage: 1
  m_ReflectionProbeUsage: 1
  m_RenderingLayerMask: 4294967295
  m_Materials:
  - {fileID: 2100000, guid: d4955e3c53aa8604e9960e21276ce0e1, type: 2}
  m_StaticBatchInfo:
    firstSubMesh: 0
    subMeshCount: 0
  m_StaticBatchRoot: {fileID: 0}
  m_ProbeAnchor: {fileID: 0}
  m_LightProbeVolumeOverride: {fileID: 0}
  m_ScaleInLightmap: 1
  m_PreserveUVs: 0
  m_IgnoreNormalsForChartDetection: 0
  m_ImportantGI: 0
  m_StitchLightmapSeams: 0
  m_SelectedEditorRenderState: 3
  m_MinimumChartSize: 4
  m_AutoUVMaxDistance: 0.5
  m_AutoUVMaxAngle: 89
  m_LightmapParameters: {fileID: 0}
  m_SortingLayerID: 0
  m_SortingLayer: 0
  m_SortingOrder: 0
--- !u!33 &33262472890948304
MeshFilter:
  m_ObjectHideFlags: 1
  m_PrefabParentObject: {fileID: 0}
  m_PrefabInternal: {fileID: 100100000}
  m_GameObject: {fileID: 1879565195498528}
  m_Mesh: {fileID: 10208, guid: 0000000000000000e000000000000000, type: 0}
--- !u!33 &33691765450575074
MeshFilter:
  m_ObjectHideFlags: 1
  m_PrefabParentObject: {fileID: 0}
  m_PrefabInternal: {fileID: 100100000}
  m_GameObject: {fileID: 1404891401352958}
  m_Mesh: {fileID: 10210, guid: 0000000000000000e000000000000000, type: 0}
--- !u!54 &54427854467043168
Rigidbody:
  m_ObjectHideFlags: 1
  m_PrefabParentObject: {fileID: 0}
  m_PrefabInternal: {fileID: 100100000}
  m_GameObject: {fileID: 1265604013668056}
  serializedVersion: 2
  m_Mass: 2
  m_Drag: 0
  m_AngularDrag: 0
  m_UseGravity: 1
  m_IsKinematic: 0
  m_Interpolate: 0
  m_Constraints: 112
  m_CollisionDetection: 0
--- !u!114 &114416210725348608
MonoBehaviour:
  m_ObjectHideFlags: 1
  m_PrefabParentObject: {fileID: 0}
  m_PrefabInternal: {fileID: 100100000}
  m_GameObject: {fileID: 1265604013668056}
  m_Enabled: 1
  m_EditorHideFlags: 0
  m_Script: {fileID: 11500000, guid: 83ed243103d621043b83522ed0dd0782, type: 3}
  m_Name: 
  m_EditorClassIdentifier: 
  viewRadius: 7.69
  viewAngle: 73.9
  targetMask:
    serializedVersion: 2
    m_Bits: 512
  visibleTargets: []
  dontMoveToThatDirectionBool: 0
--- !u!114 &114695382610255386
MonoBehaviour:
  m_ObjectHideFlags: 1
  m_PrefabParentObject: {fileID: 0}
  m_PrefabInternal: {fileID: 100100000}
  m_GameObject: {fileID: 1265604013668056}
  m_Enabled: 1
  m_EditorHideFlags: 0
  m_Script: {fileID: 11500000, guid: 7656c0be986fc904fb47198fc9c4dfd5, type: 3}
  m_Name: 
  m_EditorClassIdentifier: 
  rotationDamping: 2
  speed: 12
  moveDirection: {x: 0, y: 0, z: 0}
--- !u!114 &114947357893422144
MonoBehaviour:
  m_ObjectHideFlags: 1
  m_PrefabParentObject: {fileID: 0}
  m_PrefabInternal: {fileID: 100100000}
  m_GameObject: {fileID: 1265604013668056}
  m_Enabled: 1
  m_EditorHideFlags: 0
  m_Script: {fileID: 11500000, guid: 206eb4000b56dec40b3b63583083365e, type: 3}
  m_Name: 
  m_EditorClassIdentifier: 
  stuffMaterial: {fileID: 0}
  BulletForceBot0: 400
  stuffPrefabs:
  - {fileID: 114478424473411600, guid: 49fa3ab0f3073164ca478677a1b6a826, type: 2}
  - {fileID: 114478424473411600, guid: 49fa3ab0f3073164ca478677a1b6a826, type: 2}
  - {fileID: 114478424473411600, guid: 49fa3ab0f3073164ca478677a1b6a826, type: 2}
  - {fileID: 114478424473411600, guid: ed3ab03a712800e43b90366c99d489c3, type: 2}
  - {fileID: 114478424473411600, guid: ed3ab03a712800e43b90366c99d489c3, type: 2}
  - {fileID: 114478424473411600, guid: ed3ab03a712800e43b90366c99d489c3, type: 2}
  - {fileID: 114478424473411600, guid: 0ce77a5d6970eca4cabd340e1aea4ec4, type: 2}
  - {fileID: 114478424473411600, guid: 0ce77a5d6970eca4cabd340e1aea4ec4, type: 2}
  - {fileID: 114478424473411600, guid: 0ce77a5d6970eca4cabd340e1aea4ec4, type: 2}
  - {fileID: 114478424473411600, guid: 856855c67c318904abb446c9bf389e51, type: 2}
  - {fileID: 114478424473411600, guid: 856855c67c318904abb446c9bf389e51, type: 2}
  - {fileID: 114478424473411600, guid: 856855c67c318904abb446c9bf389e51, type: 2}
  - {fileID: 114478424473411600, guid: fa8a66736b7d4cb46958d991762ac24a, type: 2}
  - {fileID: 114478424473411600, guid: fa8a66736b7d4cb46958d991762ac24a, type: 2}
  - {fileID: 114478424473411600, guid: fa8a66736b7d4cb46958d991762ac24a, type: 2}
  - {fileID: 114478424473411600, guid: ecd134c04525e914f988d1a7ef304b81, type: 2}
  - {fileID: 114478424473411600, guid: ecd134c04525e914f988d1a7ef304b81, type: 2}
  - {fileID: 114478424473411600, guid: ecd134c04525e914f988d1a7ef304b81, type: 2}
  - {fileID: 114478424473411600, guid: 544c9a8f8534b5644bf86f4973f3385a, type: 2}
  - {fileID: 114478424473411600, guid: 544c9a8f8534b5644bf86f4973f3385a, type: 2}
  - {fileID: 114478424473411600, guid: 544c9a8f8534b5644bf86f4973f3385a, type: 2}
  - {fileID: 114478424473411600, guid: 7c87088f84a1e9e4c90e5dcff21786c5, type: 2}
  - {fileID: 114478424473411600, guid: 7c87088f84a1e9e4c90e5dcff21786c5, type: 2}
  - {fileID: 114478424473411600, guid: 7c87088f84a1e9e4c90e5dcff21786c5, type: 2}
  fireTime: 0.02
  BotID: 0
  dead: 0
--- !u!136 &136319274966355996
CapsuleCollider:
  m_ObjectHideFlags: 1
  m_PrefabParentObject: {fileID: 0}
  m_PrefabInternal: {fileID: 100100000}
  m_GameObject: {fileID: 1879565195498528}
  m_Material: {fileID: 0}
  m_IsTrigger: 0
  m_Enabled: 1
  m_Radius: 0.5
  m_Height: 2
  m_Direction: 1
  m_Center: {x: 0, y: 0, z: 0}
--- !u!136 &136407144557360502
CapsuleCollider:
  m_ObjectHideFlags: 1
  m_PrefabParentObject: {fileID: 0}
  m_PrefabInternal: {fileID: 100100000}
  m_GameObject: {fileID: 1265604013668056}
  m_Material: {fileID: 0}
  m_IsTrigger: 0
  m_Enabled: 1
  m_Radius: 1.5
  m_Height: 6.004678
  m_Direction: 1
  m_Center: {x: -0.050027728, y: 1.9978571, z: 0}
